<record><leader>00000nas a2200000 i 4500</leader><controlfield tag="001">939551756</controlfield><controlfield tag="006">m     o  d        </controlfield><controlfield tag="007">cr |||||||||||</controlfield><controlfield tag="008">160217d19091909oruwr neo     0   a0eng  </controlfield><datafield ind1=" " ind2=" " tag="010"><subfield code="a">  2015270864</subfield></datafield><datafield ind1=" " ind2=" " tag="040"><subfield code="a">DLC</subfield><subfield code="b">eng</subfield><subfield code="e">rda</subfield><subfield code="c">DLC</subfield></datafield><datafield ind1="0" ind2=" " tag="022"><subfield code="a">2470-8887</subfield><subfield code="2">1</subfield></datafield><datafield ind1=" " ind2=" " tag="042"><subfield code="a">pcc</subfield><subfield code="a">nsdp</subfield></datafield><datafield ind1=" " ind2=" " tag="043"><subfield code="a">n-us-or</subfield></datafield><datafield ind1="1" ind2="0" tag="050"><subfield code="a">ISSN RECORD</subfield></datafield><datafield ind1="1" ind2="0" tag="082"><subfield code="a">071</subfield><subfield code="2">23</subfield></datafield><datafield ind1="0" ind2=" " tag="130"><subfield code="a">Gazette-times (Corvallis, Or.)</subfield></datafield><datafield ind1=" " ind2="4" tag="222"><subfield code="a">The gazette-times</subfield><subfield code="b">(Corvallis, Or. Online)</subfield></datafield><datafield ind1="1" ind2="4" tag="245"><subfield code="a">The gazette-times.</subfield></datafield><datafield ind1=" " ind2="1" tag="264"><subfield code="a">Corvallis, Benton County, Oregon :</subfield><subfield code="b">N. R. Moore,</subfield><subfield code="c">1909.</subfield></datafield><datafield ind1=" " ind2=" " tag="300"><subfield code="a">1 online resource</subfield></datafield><datafield ind1=" " ind2=" " tag="310"><subfield code="a">Weekly</subfield></datafield><datafield ind1=" " ind2=" " tag="336"><subfield code="a">text</subfield><subfield code="b">txt</subfield><subfield code="2">rdacontent</subfield></datafield><datafield ind1=" " ind2=" " tag="337"><subfield code="a">computer</subfield><subfield code="b">c</subfield><subfield code="2">rdamedia</subfield></datafield><datafield ind1=" " ind2=" " tag="338"><subfield code="a">online resource</subfield><subfield code="b">cr</subfield><subfield code="2">rdacarrier</subfield></datafield><datafield ind1="1" ind2=" " tag="362"><subfield code="a">Began with vol. XLVII, no. 47 (July 2, 1909); ceased with vol. XLVII, no. 48 (July 9, 1909).</subfield></datafield><datafield ind1=" " ind2=" " tag="530"><subfield code="a">Also issued on microfilm from University of Oregon.</subfield></datafield><datafield ind1=" " ind2=" " tag="580"><subfield code="a">Daily ed.: Daily gazette-times, 1909.</subfield></datafield><datafield ind1=" " ind2=" " tag="588"><subfield code="a">Description based on: Vol. XLVII, no. 47 (July 2, 1909); title from (Chroniclingamerica.loc.gov, viewed February 17, 2016).</subfield></datafield><datafield ind1=" " ind2=" " tag="588"><subfield code="a">Latest issue consulted: Vol. XLVII, no. 47 (July 2, 1909) (Chroniclingamerica.loc.gov, viewed February 17, 2016).</subfield></datafield><datafield ind1=" " ind2="0" tag="651"><subfield code="a">Corvallis (Or.)</subfield><subfield code="v">Newspapers.</subfield></datafield><datafield ind1=" " ind2="7" tag="651"><subfield code="a">Oregon</subfield><subfield code="z">Corvallis.</subfield><subfield code="2">fast</subfield><subfield code="0">(OCoLC)fst01205176</subfield></datafield><datafield ind1=" " ind2="7" tag="655"><subfield code="a">Newspapers.</subfield><subfield code="2">fast</subfield><subfield code="0">(OCoLC)fst01423814</subfield></datafield><datafield ind1=" " ind2=" " tag="752"><subfield code="a">United States</subfield><subfield code="b">Oregon</subfield><subfield code="c">Benton</subfield><subfield code="d">Corvallis.</subfield></datafield><datafield ind1="1" ind2=" " tag="775"><subfield code="t">Daily gazette-times</subfield></datafield><datafield ind1="0" ind2="8" tag="776"><subfield code="i">Originally issued in print:</subfield><subfield code="t">Gazette-times (Corvallis, Or.)</subfield><subfield code="x">2470-8879</subfield><subfield code="w">(DLC)sn 96088340</subfield><subfield code="w">(OCoLC)36710783</subfield></datafield><datafield ind1="0" ind2="4" tag="780"><subfield code="t">Corvallis times</subfield></datafield><datafield ind1="0" ind2="4" tag="780"><subfield code="t">Corvallis weekly gazette</subfield></datafield><datafield ind1="0" ind2="0" tag="785"><subfield code="t">Weekly gazette-times</subfield></datafield><datafield ind1="4" ind2="0" tag="856"><subfield code="u">http://www.loc.gov/chroniclingamerica/lccn/sn96088340/issues</subfield></datafield></record>